%% This BibTeX bibliography file was created using BibDesk.
%% http://bibdesk.sourceforge.net/


%% Created for Dario Villanueva at 2015-01-14 07:21:19 +0000


%% Saved with string encoding Unicode (UTF-8)



@article{live-coding-practice,
	Author = {Nick (Click Nilson) Collins},
	Date-Added = {2015-01-14 06:39:53 +0000},
	Date-Modified = {2015-01-14 06:41:58 +0000},
	Journal = {University of Sussex. Department of Informatics},
	Title = {Live Coding Practice},
	Url = {http://www.sussex.ac.uk/Users/nc81/research/livecodingpractice.pdf},
	Year = {2005}}

@electronic{livecodelab,
	Author = {Davide Della Casa and Guy John},
	Date-Added = {2015-01-14 06:38:22 +0000},
	Date-Modified = {2015-01-14 07:01:02 +0000},
	Title = {LiveCodeLab},
	Url = {http://livecodelab.net/},
	Bdsk-Url-1 = {http://livecodelab.net/}}

@electronic{supercollider,
	Author = {James McCartney},
	Date-Added = {2015-01-14 06:37:27 +0000},
	Date-Modified = {2015-01-14 07:02:15 +0000},
	Title = {Supercollider},
	Url = {http://supercollider.sourceforge.net/},
	Bdsk-Url-1 = {http://supercollider.sourceforge.net/}}

@electronic{gibber,
	Author = {Charlie Roberts},
	Date-Added = {2015-01-14 06:36:49 +0000},
	Date-Modified = {2015-01-14 07:00:52 +0000},
	Title = {Gibber (About)},
	Url = {http://charlie-roberts.com/gibber/about-gibber/},
	Bdsk-Url-1 = {http://charlie-roberts.com/gibber/about-gibber/}}

@electronic{toplap-manifesto,
	Author = {Various},
	Date-Added = {2015-01-14 06:33:31 +0000},
	Date-Modified = {2015-01-14 07:02:25 +0000},
	Read = {1},
	Title = {The TOPLAP Manifesto (draft)},
	Url = {http://toplap.org/wiki/ManifestoDraft},
	Bdsk-Url-1 = {http://toplap.org/wiki/ManifestoDraft}}
